<record xmlns:xsi="http://www.w3.org/2001/XMLSchema-instance" xmlns="http://www.loc.gov/MARC21/slim" xsi:schemaLocation="http://www.loc.gov/MARC21/slim http://www.loc.gov/standards/marcxml/schema/MARC21slim.xsd">

  <leader>00508nam a2200169Ia 4500</leader>
  <datafield ind1=" " tag="999" ind2=" ">
    <subfield code="c">452</subfield>
    <subfield code="d">452</subfield>
  </datafield>
  <controlfield tag="008">161103b1983    us ||||| |||| 00| | spa d</controlfield>
  <datafield ind1=" " tag="020" ind2=" ">
    <subfield code="a">9706070249</subfield>
  </datafield>
  <datafield ind2=" " ind1=" " tag="090">
    <subfield code="a">R 423.6 </subfield>
    <subfield code="b">G216 La</subfield>
  </datafield>
  <datafield ind2=" " ind1="1" tag="100">
    <subfield code="9">603</subfield>
    <subfield code="a">Garcia-Pelayo y Gross, Ramón</subfield>
  </datafield>
  <datafield ind1="1" tag="245" ind2="0">
    <subfield code="a">Diccionario Moderno Español-Inglés / </subfield>
    <subfield code="c">por Ramon Garcia-Pelayo y Gross</subfield>
  </datafield>
  <datafield ind1=" " tag="260" ind2=" ">
    <subfield code="a">Indiana, U.S.A : </subfield>
    <subfield code="b">Ediciones Larousse, </subfield>
    <subfield code="c">1983</subfield>
  </datafield>
  <datafield ind1=" " tag="300" ind2=" ">
    <subfield code="a">499 páginas</subfield>
  </datafield>
  <datafield ind2="4" ind1="1" tag="650">
    <subfield code="9">34</subfield>
    <subfield code="a">DICCIONARIOS</subfield>
  </datafield>
  <datafield tag="650" ind1="1" ind2="4">
    <subfield code="a">ESPAÑOL</subfield>
    <subfield code="9">36</subfield>
  </datafield>
  <datafield ind2="4" tag="650" ind1="1">
    <subfield code="a">INGLÉS</subfield>
    <subfield code="9">35</subfield>
  </datafield>
  <datafield ind2=" " tag="942" ind1=" ">
    <subfield code="2">z</subfield>
    <subfield code="c">09</subfield>
  </datafield>
</record>